@article{Payne2011,
author = {Payne, R. J. and Lamentowicz, M. and Mitchell, E. A. D.},
journal = {Boreas},
number = {1},
pages = {15--27},
title = {{The Perils of Taxonomic Inconsistency in Quantitative Palaeoecology: Experiments with Testate Amoeba Data}},
volume = {40},
year = {2011}
}
@article{Porinchu2003,
author = {Porinchu, D. F. and Macdonald, G. M.},
journal = {Progress in Physical Geography},
pages = {378},
title = {{The use and Application of Freshwater Midges (Chironomidae: Insecta: Diptera) in Geographical Research}},
volume = {27},
year = {2003}
}
